01,HIF,70048767,180314,1010,10102100,999,1,2/
02,70048767,HIF,1,220825,1600,,2/
03,54354575,GBP,010,-13500,,,040,-13500,,,015,-12500,,,045,-12500,,,072,000,,,074,000,,,100,358559,11,,400,000,0,/
16,524,-1000,V,220107,,,12201083  COMBINED,BGC SL-STREAMLINE-2602    12201083  COMBINED BGCFrom: 60-00-01 39619206/
49,53574488,13/
98,53574488,1,15/
99,488973228,9,80/

